@ARTICLE{CowanFuentesHaggard2013,
   author = {{Cowan}, N.~B. and {Fuentes}, P.~A. and {Haggard}, H.~M.},
    title = "{Light curves of stars and exoplanets: estimating inclination, obliquity and albedo}",
  journal = {\mnras},
archivePrefix = "arXiv",
   eprint = {1304.6398},
 primaryClass = "astro-ph.EP",
 keywords = {techniques: photometric, planets and satellites: atmospheres, planets and satellites: surfaces, starspots},
     year = 2013,
    month = sep,
   volume = 434,
    pages = {2465-2479},
      doi = {10.1093/mnras/stt1191},
   adsurl = {http://adsabs.harvard.edu/abs/2013MNRAS.434.2465C},
  adsnote = {Provided by the SAO/NASA Astrophysics Data System}
}

@ARTICLE{Pal2012,
   author = {{P{\'a}l}, A.},
    title = "{Light-curve modelling for mutual transits}",
  journal = {\mnras},
archivePrefix = "arXiv",
   eprint = {1111.1741},
 primaryClass = "astro-ph.EP",
 keywords = {methods: analytical, techniques: photometric, celestial mechanics, binaries: eclipsing, planetary systems},
     year = 2012,
    month = feb,
   volume = 420,
    pages = {1630-1635},
      doi = {10.1111/j.1365-2966.2011.20151.x},
   adsurl = {http://adsabs.harvard.edu/abs/2012MNRAS.420.1630P},
  adsnote = {Provided by the SAO/NASA Astrophysics Data System}
}

@ARTICLE{LugerLustigYaegerAgol2017,
   author = {{Luger}, R. and {Lustig-Yaeger}, J. and {Agol}, E.},
    title = "{Planet{\ndash}Planet Occultations in TRAPPIST-1 and Other Exoplanet Systems}",
  journal = {\apj},
archivePrefix = "arXiv",
   eprint = {1711.05739},
 primaryClass = "astro-ph.EP",
 keywords = {planets and satellites: atmospheres, planets and satellites: detection, planets and satellites: fundamental parameters, techniques: photometric },
     year = 2017,
    month = dec,
   volume = 851,
      eid = {94},
    pages = {94},
      doi = {10.3847/1538-4357/aa9c43},
   adsurl = {http://adsabs.harvard.edu/abs/2017ApJ...851...94L},
  adsnote = {Provided by the SAO/NASA Astrophysics Data System}
}

@ARTICLE{MandelAgol2002,
   author = {{Mandel}, K. and {Agol}, E.},
    title = "{Analytic Light Curves for Planetary Transit Searches}",
  journal = {ApJL},
   eprint = {astro-ph/0210099},
 keywords = {Stars: Binaries: Eclipsing, Eclipses, Occultations, Stars: Planetary Systems},
     year = 2002,
    month = dec,
   volume = 580,
    pages = {L171-L175},
      doi = {10.1086/345520},
   adsurl = {http://adsabs.harvard.edu/abs/2002ApJ...580L.171M},
  adsnote = {Provided by the SAO/NASA Astrophysics Data System}
}
